@article{Ferrari2024GBD,
	title = {Global incidence, prevalence, years lived with disability (YLDs), disability-adjusted life-years (DALYs), and healthy life expectancy (HALE) for 371 diseases and injuries in 204 countries and territories and 811 subnational locations, 1990â€“2021: a systematic analysis for the Global Burden of Disease Study 2021},
	author = {Ferrari, Alize J and Santomauro, Damian and Murray, Christopher J.L. and Vos, Theo and Antony, Cat and Araki, Daniel and Aravkin, Aleksandr and others},
	journal = {The Lancet},
	volume = {403},
	number = {10440},
	pages = {2133--2161},
	year = {2024},
	doi = {10.1016/S0140-6736(24)00757-8},
	publisher = {Elsevier}
}

@misc{IHME2024GBD,
	author       = {{Institute for Health Metrics and Evaluation (IHME)}},
	title        = {Global Burden of Disease 2021: Findings from the GBD 2021 Study},
	year         = {2024},
	publisher    = {IHME},
	address      = {Seattle, WA},
	note         = {Accessed 2025},
}

@article{cohen1992power,
	author = {Cohen, Jacob},
	title = {A Power Primer},
	journal = {Psychological Bulletin},
	volume = {112},
	number = {1},
	pages = {155--159},
	year = {1992},
	publisher = {American Psychological Association}
}

@article{nielsen2023simple,
	title={{A simple approximation method for the Fisher--Rao distance between multivariate normal distributions}},
	author={Nielsen, Frank},
	journal={Entropy},
	volume={25},
	number={4},
	pages={654},
	year={2023},
	publisher={MDPI}
}

@article{belov2011distributions,
	title={{Distributions of the Kullback--Leibler divergence with applications}},
	author={Belov, Dmitry I and Armstrong, Ronald D},
	journal={British Journal of Mathematical and Statistical Psychology},
	volume={64},
	number={2},
	pages={291--309},
	year={2011},
	publisher={Wiley Online Library}
}

@book{ay2017information,
	title={Information geometry},
	author={Ay, Nihat and Jost, J{\"u}rgen and V{\^a}n L{\^e}, H{\^o}ng and Schwachh{\"o}fer, Lorenz},
	volume={64},
	year={2017},
	publisher={Springer}
}
